% Encoding: UTF-8

@Online{hoi,
  author = {dfgd},
  editor = {dfgdfg},
  title  = {dfgdfg},
  year   = {dfgdfg},
  url    = {dfgdfgdfdfgdgdg},
}

@Comment{jabref-meta: databaseType:biblatex;}
