@online{bot-report-2016,
	author = {Igal Zeifman},
	title = {Bot Traffic Report 2016},
	date = {2017-01-24},
	url = {https://www.incapsula.com/blog/bot-traffic-report-2016.html},
	urldate = {2018-02-12}
}

@online{def-bot,
	author = {Per. Christensson},
	title = {Bot Definition},
	date = {2014-02-14},
	url = {https://techterms.com/definition/bot},
	urldate = {2018-02-12},
}

@online{def-spider,
	author = {Per. Christensson},
	title = {Spider Definition},
	date = {2006},
	url = { https://techterms.com/definition/spider},
	urldate = {2018-02-12},
}

@online{stat-webseiten,
	author = {netcraft},
	title = {February 2018 Web Server Survey},
	date = {date},
	url = {https://news.netcraft.com/archives/category/web-server-survey/},
	urldate = {2018-02-13},
}

@article{ijcsc-web-crawler-overview,
	author = {S.S. Dhenakaran
	and K. Thirugnana Sambanthan},
	title = {Web Crawler - An Overview},
	journaltitle = {International Journal of Computer Science and Communication},
	date = {2011-03},
	url = { http://csjournals.com/IJCSC/PDF2-1/Article_49.pdf}
}

@online{zaehler-webseiten,
	author = {Internet Live Stats},
	title = {Total number of Websites},
	date = {date},
	url = {http://www.internetlivestats.com/},
	urldate = {2018-02-17},
}

@online{googlebot-anzahl-pro-sekunde,
	author = {Jeff Atwood},
	title = {Eeeeek where is my slow performance??? [closed]},
	date = {2011-03-25},
	url = {https://meta.stackexchange.com/questions/84695/eeeeek-where-is-my-slow-performance/84701#84701},
	urldate = {2018-02-24},
}

@online{durch-seitengroesse,
	author = {Tammy Everts},
	title = {The average web page is 3MB. How much should we care?},
	date = {2017-08-09},
	url = {https://speedcurve.com/blog/web-performance-page-bloat/},
}

@online{robots-date,
	author = {Martijn Koster},
	title = {A Standard for Robot Exclusion},
	date = {date},
	url = {http://www.robotstxt.org/orig.html},
	urldate = {2018-03-18},
}

@online{robots-martijn,
	author = {Martijn Koster},
	title = {Historical Web Services},
	date = {2011},
	url = {http://www.greenhills.co.uk/historical.html},
}

@online{statistik-webserver,
	author = {Web Technology Surveys},
	title = {Usage of web servers for websites},
	date = {2018-03-24},
	url = {https://w3techs.com/technologies/overview/web_server/all},
	urldate = {2018-03-24},
}

@online{htaccess,
	author = {Enrico Lauterschlag},
	title = {Was ist eine .htaccess-Datei und wofür wird diese genutzt?},
	date = {date},
	url = {http://www.webschmoeker.de/grundlagen/was-ist-eine-htaccess-datei/},
}

@online{user-agent-info,
	author = {Chris Hoffman},
	title = {What Is a Browser’s User Agent?},
	date = {2016-09-28},
	url = {https://www.howtogeek.com/114937/htg-explains-whats-a-browser-user-agent/},
	urldate = {2018-03-04},
}

@online{meta-beispiel,
	author = {Martijn Koster},
	title = {About the Robots <META> tag},
	date = {date},
	url = {http://www.robotstxt.org/meta.html},
	urldate = {2018-03-24},
}

@online{meta-w3c,
	author = {W3C Recommendation},
	title = {Robots and the META element },
	date = {date},
	url = {https://www.w3.org/TR/html4/appendix/notes.html#h-B.4.1.2},
	urldate = {2018-03-24},
}

@online{acap-was,
	author = {International Press Telecommunications Council},
	title = {Solutions to address the challenges of communicating digital rights and permissions},
	date = {date},
	url = {http://www.the-acap.org/index.php},
	urldate = {2018-03-24},
}

@online{acap-google,
	author = {iTWire},
	title = {ACAP content protection protocol "doesn't work" says Google CEO},
	date = {2008-03-18},
	url = {https://www.itwire.com/your-it-news/home-it/17206-acap-content-protection-protocol-qdoesnt-workq-says-google-ceo},
	urldate = {2018-03-24},
}

@online{apache-module-beschraenkung,
	author = {
	Ben Goodsell},
	title = {3 Steps To Find And Block Bad Bots},
	date = {2015-08-31},
	url = {https://searchengineland.com/3-steps-find-block-bad-bots-228762},
	subtitle = {Blocking An IP At The Server Level},
	urldate = {2018-03-24},
}

@online{google-marktanteil,
	author = {lunapark},
	title = {Suchmaschinenmarktanteile weltweit 2017},
	date = {2017-12-11},
	url = {https://www.luna-park.de/blog/9907-suchmaschinen-marktanteile-weltweit-2014/},
	urldate = {2018-03-25},
}

@online{googlebot-googleconsole,
	author = {Google},
	title = {Googlebot},
	date = {date},
	url = {https://support.google.com/webmasters/answer/182072?hl=de},
	urldate = {2018-03-25},
}

@online{googlebot-user-agent,
	author = {Google},
	title = {Google-Crawler},
	date = {date},
	url = {https://support.google.com/webmasters/answer/1061943?hl=de},
	urldate = {2018-03-25},
}

@online{googlebot-facts-incapsula,
	author = {Igal Zeifman},
	title = {Mr. Hack: Googlebot’s Unruly Alter Ego},
	date = {2014-07-24},
	url = {https://www.incapsula.com/blog/googlebot-study-mr-hack.html},
}

@online{googlebot-facts-percentage,
	author = {Marc Gaffan},
	title = {Top 10 Bots You Should Know About},
	date = {2012-08-21},
	url = {https://www.incapsula.com/blog/know-your-top-10-bots.html},
	urldate = {2018-03-25},
}

@online{tarpit-wikipedia,
	author = {"Wikipedia"},
	title = {Teergrube (Informationstechnik)},
	date = {2017-02-08},
	url = {https://de.wikipedia.org/wiki/Teergrube_(Informationstechnik)},
	urldate = {2018-03-29},
}

@article{honeypot-tarpit-synonym,
	author = {Tobias Eggendorfer},
	title = {
	E-Mail-Adressenjägern auf Webseiten eine Falle stellen},
	journaltitle = {Linux-Magazin},
	date = {2004-06},
	url = {http://www.linux-magazin.de/ausgaben/2004/06/ernte-nein-danke/},
}

@online{tarpit-smtp,
	author = {Amrita Mitra},
	title = {What is Tarpit and how does it improve security ?},
	date = {2015-09-19},
	url = {https://computersecuritypgp.blogspot.it/2015/09/what-is-tarit-and-how-it-enhances.html},
	subtitle = {How does Tarpit work?},
	urldate = {2018-29-03},
}

@article{tarpitting-http-linux-mag,
	author = {Tobias Eggendorfer},
	title = {Mit Teergruben aktiv gegen Spammer vorgehen – welche wirken tatsächlich?},
	journaltitle = {Linux Magazin},
	date = {2007-01},
	url = {http://www.linux-magazin.de/ausgaben/2007/01/her-mit-dem-abfall/},
}

@mvproceedings{tarpitting-http-eggendorf-auugn,
	editor = {Tobias Eggendorfer},
	title = {The Conference for Unix, Linux and Open Source Professionals},
	date = {2005-10},
	subtitle = {AUUG 2005},
	eventtitle = {Stopping Spammers' Harvesters using a HTTP-tar pit - Details on implementation and a real-world experiment},
	url = {https://books.google.it/books?id=iJw5zAu7LncC&pg=PA68&lpg=PA68&dq=http+tarpit&source=bl&ots=DNAI72u8Fa&sig=qBLDp--ttBS-RD3p0G1b89gSJew&hl=de&sa=X&ved=0ahUKEwjnqOe7oJHaAhWKiaYKHT2sAGEQ6AEIggEwCQ#v=onepage&q=http%20tarpit&f=false},
	urldate = {2018-03-29},
}

@online{http-header-time,
	author = {MDN web docs},
	title = {Last-Modified},
	date = {2017-07-24},
	url = {https://developer.mozilla.org/en-US/docs/Web/HTTP/Headers/Last-Modified},
	subtitle = {Syntax},
	organization = {Mozilla},
	urldate = {2018-04-02},
}

@online{wordpress-verbreitung,
	author = {Statista},
	title = {Ranking der 10 Content-Management-Systeme (CMS) weltweit nach Marktanteil im Januar 2018},
	date = {2018-01},
	url = {https://de.statista.com/statistik/daten/studie/320670/umfrage/marktanteile-der-content-management-systeme-cms-weltweit/},
	urldate = {2018-04-03},
}

@online{dotbot,
	author = {distil networks},
	title = {DotBot/1.1 User Agent String},
	date = {date},
	url = {https://www.distilnetworks.com/bot-directory/bot/dotbot1-1/},
	urldate = {2018-04-04},
}

@online{dotmic,
	author = {crunchbase},
	title = {Dotmic},
	date = {date},
	url = {https://www.crunchbase.com/organization/dotmic#section-overview},
	urldate = {2018-04-04},
}

@online{megaindex,
	author = {distil networks},
	title = {MegaIndex.ru User Agent String},
	date = {date},
	url = {https://www.distilnetworks.com/bot-directory/bot/megaindex-ru/},
	urldate = {2018-04-04},
}

@online{was-ist-indexieren,
	author = {Robert Zimmermann},
	title = {Crawling und Indexierung von Webseiten: Theorie und Praxis},
	date = {2017-04-18},
	url = {https://www.more-fire.com/blog/crawling-und-indexierung-von-webseiten-theorie-und-praxis/},
	urldate = {2018-04-04},
}
@book{gallenbacher-iso-osi,
	author = {Jens Gallenbacher},
	title = {Abenteuer Internet},
	date = {2017},
	subtitle = {IT zum Anfassen für alle von 9 bis 99 - vom Navi bis Social Media},
	edition = {4},
	publisher = {Springer},
	isbn = {978-3-662-53964-4},

}
@online{gewinnerbrief-admin-dealer,
author = {Sebastian Brück},
title = {OFFIZIELLEGEWINNER BRIEF VON INTERNACIONALE LOTTO COMMISSION (ADMIN@DEALER.COM)},
date = {2017-06-09},
url = {https://vorsicht-email.de/beitrag/2017/06/09/offiziellegewinner-brief-von-internacionale-lotto-commission-admindealer-com/},
urldate = {2018-04-11},
}

@online{vorschussbetrug,
author = {simplepedia},
title = {Vorschussbetrug},
date = {2016-01-28},
url = {https://www.scambaiter-forum.info/wiki:vorschussbetrug},
urldate = {2018-04-11},
}

@online{scam-warnung-wolseley,
	author = {Wolseley Industrial Group},
	title = {Notice: Malicious Email Scam},
	date = {2018-03-22},
	url = {http://wolseleyindustrialgroup.com/news/notice-malicious-email-scam/},
	urldate = {2018-04-11},
}

@online{firefox-versions,
	author = {Mozilla},
	title = {Firefox Releases},
	date = {date},
	url = {https://www.mozilla.org/en-US/firefox/releases/},
	urldate = {2018-04-14},
}

@online{firefox-40-1,
	author = {Haroldoland},
	title = {Firefox 40.1 and WordPress attacks},
	date = {2017-02-16},
	url = {https://haroldoland.blogspot.it/2017/02/firefox-401-and-wordpress-attacks.html},
	urldate = {2018-04-14},
}

@online{wordpress-botnetz,
	author = {Mark Maunder},
	title = {Thousands of Hacked Home Routers are Attacking WordPress Sites},
	date = {2017-04-11},
	url = {https://www.wordfence.com/blog/2017/04/home-routers-attacking-wordpress/},
	urldate = {2018-04-14},
}

@online{def-honeybot,
	author = {P. Christensson},
	title = {Honeypot Definition},
	date = {2013-09-07},
	url = {https://techterms.com/definition/honeypot},
	urldate = {2018-05-05},
}
